@manual{picosdk,
  title        = {Raspberry Pi Pico C/C++ SDK},
  organization = {Raspberry Pi Ltd},
  year         = {2022},
  url          = {https://datasheets.raspberrypi.com/pico/raspberry-pi-pico-c-sdk.pdf}
}