@article{hughes1989functional,
  title     = {Why functional programming matters},
  author    = {Hughes, John},
  journal   = {The computer journal},
  volume    = {32},
  number    = {2},
  pages     = {98--107},
  year      = {1989},
  publisher = {Oxford University Press}
}

@manual{picosdk,
  title        = {Raspberry Pi Pico C/C++ SDK},
  organization = {Raspberry Pi Ltd},
  year         = {2022},
  url          = {https://datasheets.raspberrypi.com/pico/raspberry-pi-pico-c-sdk.pdf},
  note         = {Rev. 1.9}
}


@manual{rp2040,
  organization = {Raspberry Pi Ltd},
  title        = {RP2040 Datasheet},
  year         = {2022},
  note         = {Rev 1.8},
  url          = {https://datasheets.raspberrypi.com/rp2040/rp2040-datasheet.pdf}
}

@manual{zynq,
  organization = {Xilinx, Inc},
  title        = {Zynq-7000 SoC Data Sheet: Overview},
  year         = {2018},
  number       = {DS190},
  note         = {Rev. 1.11.1},
  url          = {https://docs.xilinx.com/v/u/en-US/ds190-Zynq-7000-Overview}
}

@manual{tpu,
  organization = {Freescale Semiconductor, Inc},
  title        = {Time Processor Unit Reference Manual},
  year         = {2004},
  url          = {https://www.nxp.com/docs/en/reference-manual/TPURM.pdf}
}